<?xml version="1.0" encoding="UTF-8"?><collection xmlns="http://www.loc.gov/MARC21/slim"><record><leader>00591nam--2200205-u-4500</leader><controlfield tag="001">000055305</controlfield><controlfield tag="002">20161230</controlfield><controlfield tag="005">20170104005338</controlfield><controlfield tag="008">121212s1000------------r-----000-0-fre-d</controlfield><datafield ind1=" " ind2=" " tag="040"><subfield code="a">IFIN-HH</subfield></datafield><datafield ind1=" " ind2=" " tag="041"><subfield code="a">fre</subfield></datafield><datafield ind1=" " ind2=" " tag="080"><subfield code="a">539.23</subfield></datafield><datafield ind1="1" ind2=" " tag="100"><subfield code="a">Blanc-Lapierre, Andre</subfield></datafield><datafield ind1="1" ind2="0" tag="245"><subfield code="a">Conductibilite electrique des lames metalliques minces</subfield><subfield code="c">A. Blanc-Lapierre, M. Perrot</subfield></datafield><datafield ind1=" " ind2=" " tag="260"><subfield code="a">Paris</subfield><subfield code="b">Gautier-villars, Editeur-imprimeur-libraire</subfield><subfield code="c">1954</subfield></datafield><datafield ind1=" " ind2=" " tag="300"><subfield code="a">96 p</subfield></datafield><datafield ind1=" " ind2=" " tag="490"><subfield code="a">Memorial Des Sciences Physiques</subfield></datafield><datafield ind1="1" ind2=" " tag="700"><subfield code="a">Perrot, M</subfield></datafield><datafield ind1=" " ind2=" " tag="852"><subfield code="a">10378</subfield><subfield code="c">539.23</subfield></datafield><datafield ind1=" " ind2=" " tag="CAT"><subfield code="a">SYS</subfield><subfield code="c">20170104</subfield><subfield code="h">005338</subfield></datafield></record></collection>